@inproceedings{barrett2006researching,
  title={Researching and evaluating digital storytelling as a deep learning tool},
  author={Barrett, Helen},
  booktitle={Society for information technology \& teacher education international conference},
  pages={647--654},
  year={2006},
  organization={Association for the Advancement of Computing in Education (AACE)}
}


@article{chen2014big,
	title={Big data deep learning: challenges and perspectives},
	author={Chen, Xue-Wen and Lin, Xiaotong},
	journal={IEEE access},
	volume={2},
	pages={514--525},
	year={2014},
	publisher={Ieee}
}